@article{SGQC,
    author = {Stan Gudder},
    title = {Quantum Computation},
    journal = {The American Mathematical Monthly},
    volume = {110},
    number = {3},
    pages = {181-201},
    year  = {2003},
    publisher = {Taylor & Francis},
    doi = {10.1080/00029890.2003.11919955},
    URL = { 
            https://doi.org/10.1080/00029890.2003.11919955        
    },    
    eprint = { 
            https://doi.org/10.1080/00029890.2003.11919955
        
    },
}

@book{cornell_artin_1986, 
	place={New York}, 
	title={Arithmetic geoemtry}, 
	publisher={Springer}, 
	author={Cornell, Gary and Joseph H. Silverman}, 
	year={1986},
	ISBM = {978-1-4613-8655-1}
}
